<?xml version="1.0" encoding="UTF-8"?><collection xmlns="http://www.loc.gov/MARC21/slim"><record><leader>00519nam--2200169-i-4500</leader><controlfield tag="001">000007461</controlfield><controlfield tag="002">20161230</controlfield><controlfield tag="005">20161230201027</controlfield><controlfield tag="008">060222s1000------------r-----000-0-fre-d</controlfield><datafield ind1=" " ind2=" " tag="041"><subfield code="a">fre</subfield></datafield><datafield ind1=" " ind2=" " tag="080"><subfield code="a">539.219.3:548</subfield></datafield><datafield ind1="1" ind2=" " tag="100"><subfield code="a">Cecchi, Louis</subfield></datafield><datafield ind1="1" ind2="0" tag="245"><subfield code="a">Etude interferometrique de la diffusion rayleigh dans les cristaux-effet brillouin</subfield><subfield code="b">These</subfield><subfield code="c">Louis cecchi</subfield></datafield><datafield ind1=" " ind2=" " tag="260"><subfield code="a">Montpellier</subfield><subfield code="b">Faculte Des Sciences De L'Universite</subfield><subfield code="c">1964</subfield></datafield><datafield ind1=" " ind2=" " tag="300"><subfield code="a">184 P. + XXX</subfield></datafield><datafield ind1=" " ind2=" " tag="852"><subfield code="a">22799</subfield><subfield code="c">539.217</subfield></datafield><datafield ind1=" " ind2=" " tag="CAT"><subfield code="a">Sys</subfield><subfield code="c">20121210</subfield><subfield code="h">142417</subfield></datafield></record></collection>